<?xml version="1.0" encoding="UTF-8"?><collection xmlns="http://www.loc.gov/MARC21/slim"><record><leader>00410nam--2200145-i-4500</leader><controlfield tag="001">000025771</controlfield><controlfield tag="002">20161230</controlfield><controlfield tag="005">20161230201036</controlfield><controlfield tag="008">060222s1000------------r-----000-0-eng-d</controlfield><datafield ind1=" " ind2=" " tag="080"><subfield code="a">519.2:511</subfield></datafield><datafield ind1=" " ind2=" " tag="100"><subfield code="a">Kac, Mark</subfield></datafield><datafield ind1=" " ind2=" " tag="245"><subfield code="a">Statistical independence in probability analysis and number theory</subfield></datafield><datafield ind1=" " ind2=" " tag="260"><subfield code="a">New York, John Wiley, 1959, Xiv + 93p</subfield></datafield><datafield ind1=" " ind2=" " tag="490"><subfield code="a">The Carus Mathematical Monographs</subfield></datafield><datafield ind1=" " ind2=" " tag="852"><subfield code="a">15657</subfield></datafield></record></collection>